@inproceedings{silva2022innovating,
  title={Innovating and modernizing a Linear Algebra class through teaching computational skills},
  author={Silva, Mariana and Hieronymi, Philipp and West, Matthew and Nytko, Nicolas and Deshpande, Akshit and Chuang, Jer-Chin and Hilgenfeldt, Sascha},
  booktitle={2022 ASEE Annual Conference \& Exposition},
  year={2022}
}
@incollection{hutchison2021integrating,
  title={Integrating python into an undergraduate mathematics for chemists course},
  author={Hutchison, Geoffrey R},
  booktitle={Teaching Programming across the Chemistry Curriculum},
  pages={123--134},
  year={2021},
  publisher={ACS Publications}
}
@article{corless2023teaching,
  title={Teaching Linear Algebra in a Mechanized Mathematical Environment},
  author={Corless, Robert M and Jeffrey, David J and Shakoori, Azar},
  journal={arXiv preprint arXiv:2306.00104},
  year={2023}
}
@book{tharp1991rousing,
  title={Rousing minds to life: Teaching, learning, and schooling in social context},
  author={Tharp, Roland G and Gallimore, Ronald},
  year={1991},
  publisher={Cambridge University Press}
}
@misc{vygotsky1978mind,
  title={Mind in society (M. Cole, V. John-Steiner, S. Scribner, \& E. Souberman, Eds.)},
  author={Vygotsky, Lev S},
  year={1978},
  publisher={Cambridge, MA: Harvard University Press}
}
@inproceedings{verenikina2010vygotsky,
  title={Vygotsky in twenty-first-century research},
  author={Verenikina, Irina},
  booktitle={EdMedia+ innovate learning},
  pages={16--25},
  year={2010},
  organization={Association for the Advancement of Computing in Education (AACE)}
}
@article{cicconi2014vygotsky,
  title={Vygotsky meets technology: A reinvention of collaboration in the early childhood mathematics classroom},
  author={Cicconi, Megan},
  journal={Early Childhood Education Journal},
  volume={42},
  pages={57--65},
  year={2014},
  publisher={Springer}
}
@article{gooch2011integration,
  title={Integration of the visual arts and Web 2.0 technologies in the classroom},
  author={Gooch, Karen and Saine, Paula},
  journal={New England Reading Association Journal},
  volume={47},
  number={1},
  pages={92},
  year={2011},
  publisher={New England Reading Association}
}