@inproceedings{Robson2007,
author = {Robson, Victoria and Lohani, Vinod and Bateman, Tanner},
booktitle = {ASEE Annual Conference and Exposition, Conference Proceedings},
doi = {10.18260/1-2--2281},
file = {:Users/barbara/Library/Application Support/Mendeley Desktop/Downloaded/Robson, Tech - Unknown - AC 2007-1441 FOUNDATIONAL PREDICTORS OF SUCCESS IN THE COLLEGIATE ENGINEERING PROGRAM.pdf:pdf},
issn = {21535965},
mendeley-groups = {Academic Performance/Engr Prob Perf Factors},
title = {{Foundational predictors of success in the collegiate engineering program}},
year = {2007}
}

@inproceedings{VanTreuren2004,
author = {{Van Treuren}, Ken and Eisenbarth, Steve},
booktitle = {ASEE Annual Conference Proceedings},
doi = {10.18260/1-2--12893},
file = {:C\:/Users/Barbara/AppData/Local/Mendeley Ltd./Mendeley Desktop/Downloaded/Van Treuren, Eisenbarth - 2004 - Profile of a successful engineering student at a private, liberal arts university.pdf:pdf},
issn = {01901052},
mendeley-groups = {Academic Performance/Engr Prob Perf Factors},
pages = {11457--11465},
title = {{Profile of a successful engineering student at a private, liberal arts university}},
year = {2004}
}


@article{Honken2013,
author = {Honken, Nora B. and Ralston, Patricia A.S.},
doi = {10.1177/1932202X13482466},
file = {:Users/barbara/Library/Application Support/Mendeley Desktop/Downloaded/Honken, Ralston - 2013 - High-Achieving High School Students and Not So High-Achieving College Students A Look at Lack of Self-Control,.pdf:pdf},
issn = {21629536},
journal = {Journal of Advanced Academics},
keywords = {engineering,homework,intelligence,self-control,structural equation modeling,underachievement},
mendeley-groups = {Academic Performance/Engr Prob Perf Factors},
month = {apr},
number = {2},
pages = {108--124},
publisher = {SAGE PublicationsSage CA: Los Angeles, CA},
title = {{High-Achieving High School Students and Not So High-Achieving College Students: A Look at Lack of Self-Control, Academic Ability, and Performance in College}},
url = {https://journals.sagepub.com/doi/full/10.1177/1932202X13482466},
volume = {24},
year = {2013}
}

@article{Lackey2003,
author = {Lackey, Laura W. and Lackey, W. Jack and Grady, Helen M. and Davis, Marjorie T.},
doi = {10.1002/j.2168-9830.2003.tb00736.x},
file = {:Users/barbara/Library/Application Support/Mendeley Desktop/Downloaded/Lackey et al. - 2003 - Efficacy of Using a Single, Non-Technical Variable to Predict the Academic Success of Freshmen Engineering Studen.pdf:pdf},
issn = {10694730},
journal = {Journal of Engineering Education},
mendeley-groups = {Academic Performance/Engr Prob Perf Factors},
month = {jan},
number = {1},
pages = {41--48},
publisher = {John Wiley & Sons, Ltd},
title = {{Efficacy of using a single, non-technical variable to predict the academic success of freshmen engineering students}},
url = {https://onlinelibrary.wiley.com/doi/full/10.1002/j.2168-9830.2003.tb00736.x https://onlinelibrary.wiley.com/doi/abs/10.1002/j.2168-9830.2003.tb00736.x https://onlinelibrary.wiley.com/doi/10.1002/j.2168-9830.2003.tb00736.x},
volume = {92},
year = {2003}
}

@article{Moses2011,
author = {Moses, Laurie and Hall, Cathy and Wuensch, Karl and {De Urquidi}, Karen and Kauffmann, Paul and Swart, William and Duncan, Steve and Dixon, Gene},
doi = {10.1080/00223980.2011.557749},
file = {:Users/barbara/Library/Application Support/Mendeley Desktop/Downloaded/Moses et al. - 2011 - Are Math Readiness and Personality Predictive of First-Year Retention in Engineering.pdf:pdf},
issn = {00223980},
journal = {Journal of Psychology: Interdisciplinary and Applied},
keywords = {Five Factor Model,Locus of Control,STEM fields,calculus readiness,college retention,engineering students},
mendeley-groups = {Academic Performance/Engr Prob Perf Factors},
month = {may},
number = {3},
pages = {229--245},
pmid = {21560806},
publisher = {Taylor & Francis Group},
title = {{Are math readiness and personality predictive of first-year retention in engineering?}},
url = {https://www.tandfonline.com/doi/abs/10.1080/00223980.2011.557749},
volume = {145},
year = {2011}
}

@article{Kaleita2016,
author = {Kaleita, Amy L and Forbes, Gregory R and Ralston, Ekaterina and Compton, Jonathan and Wholgemuth, Darin and {Raj Raman}, D.},
file = {:Users/barbara/Library/Application Support/Mendeley Desktop/Downloaded/Kaleita et al. - 2016 - Pre-Enrollment Identification of At-Risk Students in a Large Engineering College CORE View metadata, citation an.pdf:pdf},
issn = {0949149X},
journal = {International Journal of Engineering Education},
keywords = {Engineering,Enrollment,Regression trees,Student success},
mendeley-groups = {Academic Performance/Engr Probation},
number = {4},
pages = {1647--1659},
title = {{Pre-enrollment identification of at-risk students in a large engineering college}},
url = {http://lib.dr.iastate.edu/abe_eng_pubs},
volume = {32},
year = {2016}
}

@book{RisingAboveStorm,
booktitle = {Rising Above the Gathering Storm: Energizing and Employing America for a Brighter Economic Future},
doi = {10.17226/11463},
isbn = {9780309100397},
mendeley-groups = {Academic Performance/Addl Supporting Docs},
month = {apr},
publisher = {National Academies Press},
title = {{Rising above the gathering storm: Energizing and employing America for a brighter economic future}},
year = {2007}
}


@online{admdashboard,
    year = {2022},
    title = {Undergraduate Admissions Dashboard},
    url  = {https://datahub.oapir.uci.edu/Undergraduate-Admissions-Dashboard.php},
    lastaccessed  = {June 2022}
}


@online{satinfo,
    year = {2022},
    title = "1,835+ Accredited, 4-Year Colleges & Universities with ACT/SAT-Optional Testing Policies for Fall, 2022 Admissions",
    url  = "https://fairtest.org/university/optional",
    addendum = "(accessed: June 2022)"
}
@online{bls,
    year = {2022},
    title = "Computer and Information Technology Occupations",
    url  = "https://www.bls.gov/ooh/computer-and-information-technology/home.htm",
    addendum = "(accessed: August 2022)"
}
@software{reback2020pandas,
    author       = {The pandas development team},
    title        = {pandas-dev/pandas: Pandas},
    month        = feb,
    year         = 2020,
    publisher    = {Zenodo},
    version      = {latest},
    doi          = {10.5281/zenodo.3509134},
    url          = {https://doi.org/10.5281/zenodo.3509134}
}

@Article{Hunter2007,
  Author    = {Hunter, J. D.},
  Title     = {Matplotlib: A 2D graphics environment},
  Journal   = {Computing in Science \& Engineering},
  Volume    = {9},
  Number    = {3},
  Pages     = {90--95},
  abstract  = {Matplotlib is a 2D graphics package used for Python for
  application development, interactive scripting, and publication-quality
  image generation across user interfaces and operating systems.},
  publisher = {IEEE COMPUTER SOC},
  doi       = {10.1109/MCSE.2007.55},
  year      = 2007
}


@article{Estrada2016,
author = {Estrada, Mica and Burnett, Myra and Campbell, Andrew G. and Campbell, Patricia B. and Denetclaw, Wilfred F. and Guti{\'{e}}rrez, Carlos G. and Hurtado, Sylvia and John, Gilbert H. and Matsui, John and McGee, Richard and Okpodu, Camellia Moses and {Joan Robinson}, T. and Summers, Michael F. and Werner-Washburne, Maggie and Zavala, Maria Elena},
doi = {10.1187/cbe.16-01-0038},
issn = {19317913},
journal = {CBE Life Sciences Education},
mendeley-groups = {Academic Performance/Engr Prob Perf Factors},
month = {sep},
number = {3},
pmid = {27543633},
publisher = {American Society for Cell Biology},
title = {{Improving underrepresented minority student persistence in stem}},
url = {https://www.lifescied.org/doi/10.1187/cbe.16-01-0038},
volume = {15},
year = {2016}
}



@misc{Pantic2019,
author = {Pantic, Katarina and Clarke-Midura, Jody},
booktitle = {Journal of Women and Minorities in Science and Engineering},
doi = {10.1615/JWomenMinorScienEng.2019024384},
issn = {10728325},
keywords = {Computer science,Retention,Tinto's model of institutional departure,Women},
mendeley-groups = {Academic Performance/CS Prob Perf Factors,Academic Performance},
number = {2},
pages = {119--145},
title = {{Factors that influence retention of women in the computer science major: A systematic literature review}},
url = {www.begellhouse.com},
volume = {25},
year = {2019}
}

@article{Chen2021,
author = {Chen, Chen and Kang, Jane M. and Sonnert, Gerhard and Sadler, Philip M.},
title = {High School Calculus and Computer Science Course Taking as Predictors of Success in Introductory College Computer Science},
year = {2021},
issue_date = {March 2021},
publisher = {Association for Computing Machinery},
address = {New York, NY, USA},
volume = {21},
number = {1},
url = {https://doi.org/10.1145/3433169},
doi = {10.1145/3433169},
journal = {ACM Trans. Comput. Educ.},
month = {dec},
articleno = {6},
numpages = {21},
keywords = {secondary education, Computer science education, post-secondary education, advanced placement Introduction}
}

@article{Werth1986,
author = {Werth, Laurie Honour},
title = {Predicting Student Performance in a Beginning Computer Science Class},
year = {1986},
issue_date = {February 1986},
publisher = {Association for Computing Machinery},
address = {New York, NY, USA},
volume = {18},
number = {1},
issn = {0097-8418},
url = {https://doi.org/10.1145/953055.5701},
doi = {10.1145/953055.5701},
journal = {SIGCSE Bull.},
month = {feb},
pages = {138–143},
numpages = {6}
}

@article{Hosteler1983,
author = {Hostetler, Terry R.},
title = {Predicting Student Success in an Introductory Programming Course},
year = {1983},
issue_date = {Sept. 1983},
publisher = {Association for Computing Machinery},
address = {New York, NY, USA},
volume = {15},
number = {3},
issn = {0097-8418},
url = {https://doi.org/10.1145/382188.382571},
doi = {10.1145/382188.382571},
journal = {SIGCSE Bull.},
month = {sep},
pages = {40–43},
numpages = {4}
}

@article{Barker2009,
author = {Barker, Lecia J. and McDowell, Charlie and Kalahar, Kimberly},
title = {Exploring Factors That Influence Computer Science Introductory Course Students to Persist in the Major},
year = {2009},
issue_date = {March 2009},
publisher = {Association for Computing Machinery},
address = {New York, NY, USA},
volume = {41},
number = {1},
issn = {0097-8418},
url = {https://doi.org/10.1145/1539024.1508923},
doi = {10.1145/1539024.1508923},
journal = {SIGCSE Bull.},
month = {mar},
pages = {153–157},
numpages = {5},
keywords = {gender, regression analysis, peer interaction, retention, student-student interaction, persistence, experience gap, pace, student experience of the major, attrition}
}

@article{anon1,
author = {anon},
title = {anon},
year = {XXXX},
issue_date = {XXXX},
publisher = {Anon}
}

@inproceedings{Barkam2022,
author = {Errahmouni Barkam, Hamza and Wang, Max and Martinez Neda, Barbara and Gago-Masague, Sergio},
title = {Testing Machine Learning Models to Identify Computer Science Students at High-Risk of Probation},
year = {2022},
isbn = {9781450390712},
publisher = {Association for Computing Machinery},
address = {New York, NY, USA},
url = {https://doi.org/10.1145/3478432.3499103},
doi = {10.1145/3478432.3499103},
booktitle = {Proceedings of the 53rd ACM Technical Symposium on Computer Science Education V. 2},
pages = {1161},
numpages = {1},
keywords = {academic performance, admissions, machine learning, probation},
location = {Providence, RI, USA},
series = {SIGCSE 2022}
}