@article{landivar2013disparities,
  title={Disparities in STEM employment by sex, race, and Hispanic origin},
  author={Landivar, Liana Christin},
  journal={Education Review},
  volume={29},
  number={6},
  pages={911--922},
  year={2013}
}

@article{chamely2021undergraduate,
  title={Undergraduate research communities for transfer students: A retention model based on factors that most influence student success},
  author={Chamely-Wiik, Donna and Frazier, Evelyn and Meeroff, Daniel and Merritt, Jordan and Johnson, Jodiene and Kwochka, William R and Morrison-Shetlar, Alison I and Aldarondo-Jeffries, Michael and Schneider, Kimberly R},
  journal={Journal of the Scholarship of Teaching and Learning},
  volume={21},
  number={1},
  year={2021}
}

@article{bogle2018undergraduate,
  title={ Predicting the Academic performance of student sitting the Caribbean Secondary Examination Certificate in Information Technology },
  author={ Bogle, Sherrene Peters, Keisha and Nation, Michael },
  journal={ Journal of Arts Science and Technology },
  volume={11},
  number={1},
  year={2018}
}


@misc{chen2015community,
  title={Community Colleges And Stem: Examining Underrepresented Racial And Ethnic Minorities by RT Palmer \& JL Wood (Eds.) New York, NY: Routledge, 2013, pp. xviii+ 228},
  author={Chen, Yu “April”},
  year={2015},
  publisher={Taylor \& Francis}
}

@article{edwards2021relationship,
  title={Relationship between course-level social belonging (sense of belonging and belonging uncertainty) and academic performance in General Chemistry 1},
  author={Edwards, Joshua D and Barthelemy, Ram{\'o}n S and Frey, Regina F},
  journal={Journal of Chemical Education},
  volume={99},
  number={1},
  pages={71--82},
  year={2021},
  publisher={ACS Publications}
}

@article{bourdieu1983field,
  title={The field of cultural production, or: The economic world reversed},
  author={Bourdieu, Pierre},
  journal={Poetics},
  volume={12},
  number={4-5},
  pages={311--356},
  year={1983},
  publisher={Elsevier}
}

@article{hohne2019belonging,
  title={Belonging uncertainty as predictor of dropout intentions among first-semester students of the computer sciences},
  author={H{\"o}hne, Elisabeth and Zander, Lysann},
  journal={Zeitschrift f{\"u}r Erziehungswissenschaft},
  volume={22},
  number={5},
  pages={1099--1119},
  year={2019},
  publisher={Springer}
}

@article{lederman2020progress,
  title={Progress and finger pointing on student transfer: A survey},
  author={Lederman, D},
  journal={Inside Higher Ed},
  year={2020}
}

@article{blekic2020continuing,
  title={Continuing and transfer students: Exploring retention and second-year success},
  author={Blekic, Mirela and Carpenter, Rowanna and Cao, Yi},
  journal={Journal of College Student Retention: Research, Theory \& Practice},
  volume={22},
  number={1},
  pages={71--98},
  year={2020},
  publisher={SAGE Publications Sage CA: Los Angeles, CA}
}

@article{schunk2019,
  author = {Schunk, Dale H. and DiBenedetto, Maria K.},
  title = {Motivation and Social Cognitive Theory},
  journal = {Contemporary Educational Psychology},
  volume = {60},
  pages = {101832},
  year = {2019},
  doi = {10.1016/j.cedpsych.2019.101832},
}

@phdthesis{kozlowski2020measuring,
  title={Measuring outcome expectations in academic persistence},
  author={Kozlowski, Michael B},
  year={2020},
  school={The University of Wisconsin-Milwaukee}
}

@article{pajares1996self,
  title={Self-efficacy beliefs in academic settings},
  author={Pajares, Frank},
  journal={Review of educational research},
  volume={66},
  number={4},
  pages={543--578},
  year={1996},
  publisher={Sage Publications Sage CA: Thousand Oaks, CA}
}

@article{jung2017self,
  title={Self-efficacy, self-discipline and academic performance: Testing a context-specific mediation model},
  author={Jung, Kyoung-Rae and Zhou, Anne Q and Lee, Richard M},
  journal={Learning and Individual Differences},
  volume={60},
  pages={33--39},
  year={2017},
  publisher={Elsevier}
}

@article{dutta2015social,
  title={Social-cognitive career theory predictors of STEM career interests and goal persistence in minority college students with disabilities: A path analysis},
  author={Dutta, Alo and Kang, Hyun-Ju and Kaya, Cahit and Benton, Susan Flowers and Sharp, Seneca Edward and Chan, Fong and da Silva Cardoso, Elizabeth and Kundu, Madan},
  journal={Journal of Vocational Rehabilitation},
  volume={43},
  number={2},
  pages={159--167},
  year={2015},
  publisher={IOS Press}
}

@article{luo2021stem,
  title={STEM stereotypes predict students’ STEM career interest via self-efficacy and outcome expectations},
  author={Luo, Tian and So, Winnie Wing Mui and Wan, Zhi Hong and Li, Wai Chin},
  journal={International Journal of STEM Education},
  volume={8},
  pages={1--13},
  year={2021},
  publisher={Springer}
}

@phdthesis{chen2014influence,
  title={The influence of self-efficacy on degree aspiration among domestic and international community college students},
  author={Chen, Yu},
  year={2014},
  school={Iowa State University}
}

@article{martin2004self,
  title={Self-regulated learning, social cognitive theory, and agency},
  author={Martin, Jack},
  journal={Educational psychologist},
  volume={39},
  number={2},
  pages={135--145},
  year={2004},
  publisher={Taylor \& Francis}
}

@article{bandura1986social,
  title={Social foundations of thought and action},
  author={Bandura, Albert},
  journal={Englewood Cliffs, NJ},
  volume={1986},
  number={23-28},
  year={1986}
}
@online{reid2021reaching,
    title = {Reaching the uncertain student},
    author = {Kim Reid},
    year = 2021,
    url= {https://encoura.org/reaching-the-uncertain-student/
},
    urldate = {06/19/2023}
}


@online{usdeptedu,
    title = { The importance of academic advising in higher education},
    author = {U.S. Department of Education},
    year = 2022,
    url = {https://blog.ed.gov/2022/08/the-importance-of-academic-advising-in-higher-education/},
    urldate = {03/16/2023}
}

@online{flaherty2023,
    title = {  Student survey reveals gaps in core academic advising functions},
    author = {Colleen Flaherty},
    year = 2023,
    url= {https://www.insidehighered.com/news/2023/03/01/student-survey-reveals-gaps-core-academic-advising-functions
},
    urldate = {01/16/2023}
}

@online{fain2012,
    title = { Graduate, Transfer, Graduate},
    author = {Paul Fain},
    year = 2012,
    url= {https://www.insidehighered.com/news/2012/11/08/high-graduation-rates-community-college-transfers
},
    urldate = {06/19/2023}
}


@online{lam200,
    title = { Ready for a ‘real’ college experience, transfer students find their hopes dashed},
    author = {Omar Rashad },
    year = 2023,
url= {https://calmatters.org/education/higher-education/college-beat-higher-education/2020/11/transfer-students-college-experience/
},
    urldate = {01/16/2023}
}

@online{uc2021,
    title = { The importance of academic advising in higher education},
    author = {University of california },
    year = 2021,
    url = {https://www.universityofcalifornia.edu/sites/default/files/2022-02/uc_transfer_onesheet_2021.pdf
},
    urldate = {03/16/2023}
}

@online{ucregents2022,
    title = { Executive Summary Academic and Student Affairs Committee },
    author = {Office of the President},
    year = 2022,
    url= {https://regents.universityofcalifornia.edu/regmeet/jan22/a2.pdf 
},
    urldate = {06/19/2023}
}

@online{welding2023,
    title = { College enrollment statistics for 2021.},
    author = {Lyss Welding },
    year = 2023,
	Url = {https://www.bestcolleges.com/research/college-enrollment-statistics/},
    urldate = {03/17/2023}
}

@online{indianand,
    title = {  Defining student success: A conceptual framework.},
    author = {Indiana State University},
    year = n.d.,
    url = {https://www2.indstate.edu/studentsuccess/pdf/defining%20student%20success.pdf
},
    urldate = {03/16/2023}
}

@article{schlossberg1989marginality,
  title={Marginality and mattering: Key issues in building community},
  author={Schlossberg, Nancy K},
  journal={New directions for student services},
  volume={48},
  number={1},
  pages={5--15},
  year={1989},
  publisher={Citeseer}
}

@inproceedings{Wang2023,
address = {Baltimore, Maryland},
author = {Wang, Xiwei and Rayana, Shebuti and Bogle, Sherrene and Aggarwal, Palvi and Wan, Yun},
booktitle = {2023 Annual Conference of American Society for Engineering Education},

title = {{A Preliminary Factor Analysis on the Success of Computing Major Transfer Students}},
year = {2023}
}

@inproceedings{BlindAuthors2023,
address = {Baltimore, Maryland},
author = {Wang, Xiwei and Rayana, Shebuti and Bogle, Sherrene and Aggarwal, Palvi and Wan, Yun},
booktitle = {2023 Annual Conference of American Society for Engineering Education},

title = {{A Preliminary Factor Analysis on the Success of Computing Major Transfer Students}},
year = {2023}
}