@article{shindler2020experience,
  title={Experience report: preemptive final exams for computer science theory classes},
  author={Shindler, Michael and Ferland, Matt and Cote, Aaron and Grujic, Olivera},
  journal={Journal of Computing Sciences in Colleges},
  volume={35},
  number={10},
  pages={9--14},
  year={2020},
  publisher={Consortium for Computing Sciences in Colleges}
}
@article{link2019traditional,
  title={How traditional grading contribute to student inequities and how to fix it},
  author={Link, Laura J and Guskey, Thomas R},
  journal={Curriculum in Context},
  volume={45},
  number={1},
  year={2019}
}
@article{iamarino2014benefits,
  title={The benefits of standards-based grading: A critical evaluation of modern grading practices},
  author={Iamarino, Danielle L},
  journal={Current Issues in Education},
  volume={17},
  number={2},
  year={2014}
}

@book{nilson2015specifications,
  title={Specifications grading: Restoring rigor, motivating students, and saving faculty time},
  author={Nilson, Linda B and Stanny, Claudia J},
  year={2015},
  publisher={Routledge}
}

@book{feldman2023grading,
  title={Grading for equity: What it is, why it matters, and how it can transform schools and classrooms},
  author={Feldman, Joe},
  year={2023},
  publisher={Corwin Press}
}

@article{cooper2020techniques,
  title={Techniques grading: Mastery grading for proofs courses},
  author={Cooper, Andrew A},
  journal={PRIMUS},
  volume={30},
  number={8-10},
  pages={1071--1086},
  year={2020},
  publisher={Taylor \& Francis}
}

@inproceedings{weber2023using,
  title={Using Alternative Grading in a Non-Major Algorithms Course},
  author={Weber, Robbie},
  booktitle={Proceedings of the 54th ACM Technical Symposium on Computer Science Education V. 1},
  pages={638--644},
  year={2023}
}

@inproceedings{chen2022experience,
  title={Experience report: Standards-based grading at scale in algorithms},
  author={Chen, Lijun and Grochow, Joshua A and Layer, Ryan and Levet, Michael},
  booktitle={Proceedings of the 27th ACM Conference on on Innovation and Technology in Computer Science Education Vol. 1},
  pages={221--227},
  year={2022}
}

@inproceedings{gordon2021shift,
  title={The shift from static college textbooks to customizable content: A case study at zyBooks},
  author={Gordon, Chelsea and Lysecky, Roman and Vahid, Frank},
  booktitle={2021 IEEE Frontiers in Education Conference (FIE)},
  pages={1--7},
  year={2021},
  organization={IEEE}
}

@inproceedings{luu2023algorithms,
  title={What is an Algorithms Course? Survey Results of Introductory Undergraduate Algorithms Courses in the US},
  author={Luu, Michael and Ferland, Matthew and Nagaraj Rao, Varun and Arora, Arushi and Huynh, Randy and Reiber, Frederick and Wong-Ma, Jennifer and Shindler, Michael},
  booktitle={Proceedings of the 54th ACM Technical Symposium on Computer Science Education V. 1},
  pages={284--290},
  year={2023}
}