
@inproceedings{3gse15,
  author    = {Masooda Bashir and April Lambert and Jian Ming Colin Wee and Boyi Guo},
  title     = {An examination of the vocational and psychological characteristics of cybersecurity competition participants},
  booktitle = {USENIX Summit on Gaming, Games, and Gamification in Security Education},
  series    = {3GSE 15},
  year      = "2015",
  url       = {https://www.usenix.org/conference/3gse15/summit-program/presentation/bashir}, 
  publisher = {Usenix},
}

@inproceedings{soups16,
  author    = {Colin Wee and Masooda Bashir and Nasir Memon},
  title     = {The cybersecurity competition experience: Perceptions from cybersecurity workers}, 
  booktitle = {Twelfth Symposium on Usable Privacy and Security},
  series    = {SOUPS 2016},
  year      = "2016",
  %%url       = {https://www.usenix.org/conference/soups2016/workshop-program/wsiw16/presentation/wee}, 
  publisher = {Usenix},
}

@online{nclwebsite,
  author    = "National Cyber League",
  title     = "National Cyber League",
  note      = "\url{https://nationalcyberleague.org}"
}

@inproceedings{vigna2014ten,
  title={Ten Years of $\{$iCTF$\}$: The Good, The Bad, and The Ugly},
  author={Giovanni Vigna and Kevin Borgolte and Jacopo Corbetta and Adam Doup{\'e} and Yanick Fratantonio and Luca Invernizzi and Dhilung Kirat and Yan Shoshitaishvili},
  booktitle={2014 USENIX Summit on Gaming, Games, and Gamification in Security Education (3GSE 14)},
  year={2014}
}


@inproceedings{cheung2012effectiveness,
  title={Effectiveness of cybersecurity competitions},
  author={Ronald S Cheung and Joseph Paul Cohen and Henry Z Lo and Fabio Elia and Veronica Carrillo-Marquez},
  booktitle={Proceedings of the International Conference on Security and Management (SAM)},
  pages={1},
  year={2012},
  organization={The Steering Committee of The World Congress in Computer Science, Computer\ldots}
}

@inproceedings{chothia2015offline,
  title={An Offline Capture The $\{$Flag-Style$\}$ Virtual Machine and an Assessment of Its Value for Cybersecurity Education},
  author={Tom Chothia and Chris Novakovic},
  booktitle={2015 USENIX Summit on Gaming, Games, and Gamification in Security Education (3GSE 15)},
  year={2015}
}

@article{dark2014advancing,
  title={Advancing cybersecurity education},
  author={Melissa Dark},
  journal={IEEE Security \& Privacy},
  volume={12},
  number={6},
  pages={79--83},
  year={2014},
  publisher={IEEE}
}

@inproceedings{gotel2009global,
  title={A global and competition-based model for fostering technical and soft skills in software engineering education},
  author={Olly Gotel and Vidya Kulkarni and Moniphal Say and Christelle Scharff and Thanwadee Sunetnanta},
  booktitle={2009 22nd Conference on Software Engineering Education and Training},
  pages={271--278},
  year={2009},
  organization={IEEE}
}

@inproceedings{katsantonis2017conceptual,
  title={Conceptual analysis of cyber security education based on live competitions},
  author={Menelaos Katsantonis and Panayotis Fouliras and Ioannis Mavridis},
  booktitle={2017 IEEE Global Engineering Education Conference (EDUCON)},
  pages={771--779},
  year={2017},
  organization={IEEE}
}

@article{de2018adles,
  title={ADLES: Specifying, deploying, and sharing hands-on cyber-exercises},
  author={Daniel Conte de Leon and Christopher E Goes and Michael A Haney and Axel W Krings},
  journal={Computers \& Security},
  volume={74},
  pages={12--40},
  year={2018},
  publisher={Elsevier}
}

@article{mouheb2019cybersecurity,
  title={Cybersecurity curriculum design: A survey},
  author={Djedjiga Mouheb and Sohail Abbas and Madjid Merabti},
  journal={Transactions on Edutainment XV},
  pages={93--107},
  year={2019},
  publisher={Springer}
}
